<?xml version="1.0" encoding="UTF-8"?><collection xmlns="http://www.loc.gov/MARC21/slim"><record><leader>00449nam--2200169-i-4500</leader><controlfield tag="001">000022279</controlfield><controlfield tag="002">20161230</controlfield><controlfield tag="005">20170127195238</controlfield><controlfield tag="008">060222s1000------------r-----000-0-eng-d</controlfield><datafield ind1=" " ind2=" " tag="100"><subfield code="a">Jackson, H</subfield></datafield><datafield ind1=" " ind2=" " tag="245"><subfield code="a">Investigation into the shape of gas pores in titanium butt welds</subfield></datafield><datafield ind1=" " ind2=" " tag="260"><subfield code="a">Risley</subfield><subfield code="b">U.K.Atomic Energy Auth</subfield><subfield code="c">1963</subfield></datafield><datafield ind1=" " ind2=" " tag="300"><subfield code="a">1 P.+ 5 Fig</subfield></datafield><datafield ind1=" " ind2=" " tag="490"><subfield code="a">537</subfield></datafield><datafield ind1=" " ind2=" " tag="700"><subfield code="a">Kirkland, G. R</subfield></datafield><datafield ind1=" " ind2=" " tag="852"><subfield code="a">19641</subfield></datafield><datafield ind1=" " ind2=" " tag="CAT"><subfield code="a">SYS</subfield><subfield code="c">20170127</subfield><subfield code="h">195238</subfield></datafield></record></collection>